<record><leader>00000cas a22000007a 4500</leader><controlfield tag="001">16626899</controlfield><controlfield tag="008">870901d19011931iauwr ne      0    0eng d</controlfield><datafield ind1=" " ind2=" " tag="010"><subfield code="a">sn 87057814 </subfield></datafield><datafield ind1=" " ind2=" " tag="040"><subfield code="a">INP</subfield><subfield code="b">eng</subfield><subfield code="c">INP</subfield><subfield code="d">OCLCQ</subfield></datafield><datafield ind1=" " ind2=" " tag="042"><subfield code="a">msc</subfield></datafield><datafield ind1="0" ind2="0" tag="245"><subfield code="a">Pocahontas Democrat.</subfield></datafield><datafield ind1=" " ind2=" " tag="260"><subfield code="a">Pocahontas, Iowa :</subfield><subfield code="b">Pocahontas Pub. Co.,</subfield><subfield code="c">1901-1931.</subfield></datafield><datafield ind1=" " ind2=" " tag="300"><subfield code="a">30 v.</subfield></datafield><datafield ind1=" " ind2=" " tag="310"><subfield code="a">Weekly</subfield></datafield><datafield ind1="0" ind2=" " tag="362"><subfield code="a">Vol. 1, no. 1 (Mar. 14, 1901)-v. 30, no. 29, (Aug. 25, 1931).</subfield></datafield><datafield ind1=" " ind2=" " tag="500"><subfield code="a">Publisher varies.</subfield></datafield><datafield ind1=" " ind2=" " tag="752"><subfield code="a">United States</subfield><subfield code="b">Iowa</subfield><subfield code="c">Pocahontas</subfield><subfield code="d">Pocahontas.</subfield></datafield><datafield ind1="0" ind2="7" tag="785"><subfield code="t">Pocahontas record</subfield><subfield code="w">(DLC)sn 87057813</subfield></datafield><datafield ind1="0" ind2="7" tag="785"><subfield code="t">Pocahontas record-Democrat</subfield><subfield code="w">(DLC)sn 87057812</subfield></datafield></record>